@inproceedings{salek2013hotspotting,
  title={Hotspotting-a probabilistic graphical model for image object localization through crowdsourcing.},
  author={Salek, Mahyar and Bachrach, Yoram and Key, Peter},
  booktitle={AAAI},
  year={2013}
}